=LDR  02619cam a22006377a 4500
=001  013167485
=003  Uk
=005  20221231210720.0
=008  050331s2004\\\\enka\\\\\b\\\\000\0\eng\\
=FMT  \\$a  BK
=040  \\$aUk$beng$cUk
=082  04$a621.3692$222
=100  10$aIves, David J.
=245  10$aMeasurement requirements and methods for optical fibre polarisation controllers /$cDavid J. Ives.
=260  \\$aTeddington :$bNational Physical Laboratory,$c2004.
=300  \\$aiv, 44 p. :$bcol. ill. ;$c30 cm.
=336  \\$atext$2rdacontent
=337  \\$aunmediated$2rdamedia
=338  \\$avolume$2rdacarrier
=490  1\$aNPL report,$x1744-0483 ;$vDEM-EM001
=504  \\$aIncludes bibliographical references.
=540  \\$aCurrent Copyright Fee: GBP25.00$c0$5Uk
=710  2\$aNational Physical Laboratory (Great Britain).$bDivision of Enabling Metrology.
=830  \0$aNPL report,$x1744-0483 ;$vDEM-EM001
=852  41$aBritish Library$bDSC$j6180.513261$ino.1
=852  41$aBritish Library$bHMNTS$jDigital store
=BGT  \\$at
=CAT  \\$a11325$b40$c20050331$lBLL01$h1230
=CAT  \\$a11325$b40$c20050331$lBLL01$h1234
=CAT  \\$a8964$b40$c20050401$lBLL01$h1514
=CAT  \\$aUE-01$b00$c20050401$lBLL01$h1517
=CAT  \\$a8964$b40$c20050412$lBLL01$h1128
=CAT  \\$a11249$b40$c20051102$lBLL01$h1123
=CAT  \\$aBATCH-UPD$b40$c20060706$lBLL01$h1315
=CAT  \\$aBATCH$b00$c20091217$lBLL01$h0347
=CAT  \\$aBATCH-UPD$b00$c20121031$lBLL01$h1323
=CAT  \\$aW1711-1225$c20171203$lBLL01$h1021
=CAT  \\$aBATCH-UPD$b00$c20171203$lBLL01$h1121
=CAT  \\$aBATCH-CLA$b00$c20171204$lBLL01$h0122
=CAT  \\$aBATCH-CLA$b00$c20171222$lBLL01$h2127
=CAT  \\$aIPL-CLA$c20171231$lBLL01$h1641
=CAT  \\$aBATCH-CLA$b00$c20191219$lBLL01$h1733
=CAT  \\$aIPL-CLA$c20191231$lBLL01$h1932
=CAT  \\$aR2001-1524$c20200127$lBLL01$h2010
=CAT  \\$aBATCH-CLA$b00$c20200128$lBLL01$h0450
=CAT  \\$aBATCH-CLA$b00$c20201204$lBLL01$h1534
=CAT  \\$aIPL-CLA$c20201231$lBLL01$h2159
=CAT  \\$aBATCH-CLA$b00$c20221221$lBLL01$h1843
=CAT  \\$aIPL-CLA$c20221231$lBLL01$h2107
=CFI  0\$aCurrent Copyright Fee: GBP25.00$c0$e01-jan-2023$fGBP25.00$g0$hA$5Uk
=CFI  2\$aPrevious Copyright Fee: GBP22.50$c0$e01-jan-2021$fGBP22.50$g0$hA$5Uk
=FIN  \\$aY$d20050331
=STA  \\$aSUPPRESSED$bunable to determine reason for suppression
=ACF  \\$aPrevious Copyright Fee: GBP15.00$c0$e01-jan-2017$fGBP15.00$g0$hA$5Uk
=ACF  \\$aPrevious Copyright Fee: GBP20.00$c0$e01-jan-2020$fGBP20.00$g0$hA$5Uk
=LAS  \\$aIPL-CLA$b00$c20221231$lBLL01$h2107

