=LDR  01362 am a22004097a 4500
=001  013212255
=003  Uk
=005  20051102093307.0
=008  050602s2005\\\\enk\\\\\\\\\\o000\0\eng\\
=FMT  \\$a  BK
=040  \\$aUk$beng$cUk
=082  04$a658.478$222
=245  00$aInformation security :$bhints and tips for email policy.
=260  \\$a[London] :$bDTI ,$c2001.
=300  \\$a4 p.;$c30 cm.
=336  \\$atext$2rdacontent
=337  \\$aunmediated$2rdamedia
=338  \\$avolume$2rdacarrier
=490  0\$aFactsheet
=500  \\$aPublisher's no. : URN 05/622
=650  \0$aComputer security$xManagement
=650  \0$aElectronic mail systems
=710  1\$aGreat Britain.$bDepartment of Trade and Industry.
=852  41$aBritish Library$bDSC$jm05/.22987
=852  41$aBritish Library$bHMNTS$jDigital store
=985  \\$aRecord amended for WR# 13/070
=BGT  \\$at
=CAT  \\$a7942$b40$c20050602$lBLL01$h1153
=CAT  \\$a7942$b40$c20050602$lBLL01$h1438
=CAT  \\$a7942$b40$c20050602$lBLL01$h1447
=CAT  \\$a11249$b40$c20051102$lBLL01$h0933
=CAT  \\$aBATCH-UPD$b40$c20121031$lBLL01$h1323
=CAT  \\$aWR13_070$b00$c20130504$lBLL01$h0240
=CAT  \\$aW1711-1225$c20171203$lBLL01$h1021
=FIN  \\$aY$d20050602
=STA  \\$aSUPPRESSED$bunable to determine reason for suppression
=LAS  \\$aW1711-1225$b00$c20171203$lBLL01$h1021

